<record><leader>00000cas a22000007a 4500</leader><controlfield tag="001">12939028</controlfield><controlfield tag="007">hd afu---baca</controlfield><controlfield tag="008">851220c19039999caudn ne      0    0jpn d</controlfield><datafield ind1=" " ind2=" " tag="010"><subfield code="a">sn 85058354 </subfield></datafield><datafield ind1=" " ind2=" " tag="040"><subfield code="a">UNP</subfield><subfield code="b">eng</subfield><subfield code="c">UNP</subfield><subfield code="d">CRL</subfield><subfield code="d">CNW</subfield><subfield code="d">DLC</subfield><subfield code="d">OCLCQ</subfield><subfield code="d">HMY</subfield><subfield code="d">OCLCQ</subfield><subfield code="d">CRL</subfield><subfield code="d">OCLCA</subfield><subfield code="d">OCLCF</subfield><subfield code="d">OCLCO</subfield></datafield><datafield ind1=" " ind2=" " tag="066"><subfield code="c">$1</subfield></datafield><datafield ind1="1" ind2=" " tag="029"><subfield code="a">AU@</subfield><subfield code="b">000015723737</subfield></datafield><datafield ind1=" " ind2=" " tag="032"><subfield code="a">454140</subfield><subfield code="b">USPS</subfield></datafield><datafield ind1="0" ind2=" " tag="041"><subfield code="a">jpn</subfield><subfield code="a">eng</subfield></datafield><datafield ind1=" " ind2=" " tag="042"><subfield code="a">msc</subfield></datafield><datafield ind1=" " ind2=" " tag="043"><subfield code="a">n-us-ca</subfield></datafield><datafield ind1=" " ind2="4" tag="050"><subfield code="a">AN2.C2</subfield><subfield code="b">R33</subfield></datafield><datafield ind1="0" ind2="0" tag="245"><subfield code="6">880-01</subfield><subfield code="a">Rafu shinpo&#772; =</subfield><subfield code="b">The Rafu shimpo.</subfield></datafield><datafield ind1="1" ind2="3" tag="246"><subfield code="a">Rafu shimpo</subfield></datafield><datafield ind1="1" ind2="3" tag="246"><subfield code="a">L.A. Japanese daily</subfield></datafield><datafield ind1="1" ind2="3" tag="246"><subfield code="a">L.A. Japanese daily news</subfield></datafield><datafield ind1="1" ind2="3" tag="246"><subfield code="a">Los Angeles Japanese daily news</subfield></datafield><datafield ind1=" " ind2=" " tag="260"><subfield code="a">[Los Angeles, Calif.] :</subfield><subfield code="b">M. Okamura</subfield></datafield><datafield ind1=" " ind2=" " tag="300"><subfield code="a">v. :</subfield><subfield code="b">ill. ;</subfield><subfield code="c">58 cm.</subfield></datafield><datafield ind1=" " ind2=" " tag="310"><subfield code="a">Daily (except Sun., Dec. 30-31, Jan. 2-3, and holidays [excluding New Years Day])</subfield></datafield><datafield ind1="1" ind2=" " tag="362"><subfield code="a">Began in 1903.</subfield><subfield code="z">Cf. NIM, 1948-72.</subfield></datafield><datafield ind1=" " ind2=" " tag="515"><subfield code="a">Suspended: Apr. 6, 1942-Dec. 31, 1945.</subfield></datafield><datafield ind1=" " ind2=" " tag="546"><subfield code="a">In Japanese and English.</subfield></datafield><datafield ind1=" " ind2=" " tag="588"><subfield code="a">Description based on: No. 3241 (July 1, 1914).</subfield></datafield><datafield ind1=" " ind2="0" tag="650"><subfield code="a">Japanese</subfield><subfield code="z">California</subfield><subfield code="z">Los Angeles</subfield><subfield code="v">Newspapers.</subfield></datafield><datafield ind1=" " ind2="0" tag="650"><subfield code="a">Japanese newspapers</subfield><subfield code="z">California</subfield><subfield code="z">Los Angeles.</subfield></datafield><datafield ind1=" " ind2="0" tag="651"><subfield code="a">Los Angeles (Calif.)</subfield><subfield code="v">Newspapers.</subfield></datafield><datafield ind1=" " ind2="7" tag="655"><subfield code="a">Newspapers.</subfield><subfield code="2">fast</subfield><subfield code="0">(OCoLC)fst01423814</subfield></datafield><datafield ind1=" " ind2="7" tag="650"><subfield code="a">Japanese.</subfield><subfield code="2">fast</subfield><subfield code="0">(OCoLC)fst00981362</subfield></datafield><datafield ind1=" " ind2="7" tag="650"><subfield code="a">Japanese newspapers.</subfield><subfield code="2">fast</subfield><subfield code="0">(OCoLC)fst00981873</subfield></datafield><datafield ind1=" " ind2="7" tag="651"><subfield code="a">California</subfield><subfield code="z">Los Angeles.</subfield><subfield code="2">fast</subfield><subfield code="0">(OCoLC)fst01204540</subfield></datafield><datafield ind1=" " ind2=" " tag="752"><subfield code="a">United States</subfield><subfield code="b">California</subfield><subfield code="c">Los Angeles</subfield><subfield code="d">Los Angeles.</subfield></datafield><datafield ind1="0" ind2="0" tag="880"><subfield code="6">245-01/$1</subfield><subfield code="a">&#32645;&#24220;&#26032;&#22577; =</subfield><subfield code="b">The Rafu shimpo.</subfield></datafield></record>